@article{bb1,
	title={Development of advanced blanket materials for a solid breeder blanket of a fusion reactor},
	author={Kawamura, Hiroshi and Ishitsuka, E and Tsuchiya, K and Nakamichi, M and Uchida, M and Yamada, H and Nakamura, K and Ito, H and Nakazawa, T and Takahashi, H and others},
	journal={Nuclear fusion},
	volume={43},
	number={8},
	pages={675},
	year={2003},
	publisher={IOP Publishing}
}
@article{bb2,
	title={Low-temperature tritium releasing ceramics as potential materials for the ITER breeding blanket},
	author={Roux, N and Avon, J and Floreancing, A and Mougin, J and Rasneur, B and Ravel, S},
	journal={Journal of nuclear materials},
	volume={233},
	pages={1431--1435},
	year={1996},
	publisher={Elsevier}
}
@article{bb3,
	title={Design and technology development of solid breeder blanket cooled by supercritical water in Japan},
	author={Enoeda, Mikio and Kosaku, Y and Hatano, Tf and Kuroda, T and Miki, N and Honma, T and Akiba, M and Konishi, S and Nakamura, H and Kawamura, Y and others},
	journal={Nuclear Fusion},
	volume={43},
	number={12},
	pages={1837},
	year={2003},
	publisher={IOP Publishing}
}
@article{bb4,
	title={Overview of design and R\&D of test blankets in Japan},
	author={Enoeda, Mikio and Akiba, Masato and Tanaka, Satoru and Shimizu, Akihiko and Hasegawa, Akira and Konishi, Satoshi and Kimura, Akihiko and Kohyama, Akira and Sagara, Akio and Muroga, Takeo},
	journal={Fusion Engineering and Design},
	volume={81},
	number={1},
	pages={415--424},
	year={2006},
	publisher={Elsevier}
}
@article{lfw1,
	title={Comparison of lithium and the eutectic lead-lithium alloy, two candidate liquid metal breeder materials for self-cooled blankets},
	author={Malang, Siegfried and Mattas, R},
	journal={Fusion Engineering and Design},
	volume={27},
	pages={399--406},
	year={1995},
	publisher={Elsevier}
}
@article{lfw2,
	title={Assessment of first wall and blanket options with the use of liquid breeder},
	author={Wong, CPC and others},
	journal={Fusion science and technology},
	volume={47},
	number={3},
	pages={502--509},
	year={2005},
	publisher={American Nuclear Society}
}
@article{lfw3,
	title={Design status and development strategy of China liquid lithium--lead blankets and related material technology},
	author={Wu, Yican and FDS Team and others},
	journal={Journal of Nuclear Materials},
	volume={367},
	pages={1410--1415},
	year={2007},
	publisher={Elsevier}
}
@article{fms1,
	title={Ferritic/martensitic steels for next-generation reactors},
	author={Klueh, RL and Nelson, AT},
	journal={Journal of Nuclear Materials},
	volume={371},
	number={1},
	pages={37--52},
	year={2007},
	publisher={Elsevier}
}
@article{ods1,
	title={Perspective of ODS alloys application in nuclear environments},
	author={Ukai, Shigeharu and Fujiwara, Masayuki},
	journal={Journal of Nuclear Materials},
	volume={307},
	pages={749--757},
	year={2002},
	publisher={Elsevier}
}
@article{sm2,
	title={Status of ITER conductor development and production},
	author={Devred, Arnaud and Backbier, Ina and Bessette, Denis and Bevillard, Gregory and Gardner, Mark and Jewell, Mathew and Mitchell, Neil and Pong, Ian and Vostner, Alexander},
	journal={IEEE Transactions on Applied Superconductivity},
	volume={22},
	number={3},
	pages={4804909--4804909},
	year={2012},
	publisher={IEEE}
}
@article{sm1,
	title={ITER TF conductor insert coil manufacture},
	author={Cheverev, N and Glukhikh, V and Filatov, O and Belykov, V and Muratov, V and Egorov, S and Rodin, I and Malkov, A and Sukhanova, M and Gavrilov, S and others},
	journal={IEEE transactions on applied superconductivity},
	volume={12},
	number={1},
	pages={548--553},
	year={2002},
	publisher={IEEE}
}

