@article{abernethy2016predicting,
	title={Predicting the performance of tungsten in a fusion environment: a literature review},
	author={Abernethy, RG},
	journal={Materials Science and Technology},
	pages={1--12},
	year={2016},
	publisher={Taylor \& Francis}
}
@article{gilbert2011neutron,
	title={Neutron-induced transmutation effects in W and W-alloys in a fusion environment},
	author={Gilbert, MR and Sublet, J-Ch},
	journal={Nuclear Fusion},
	volume={51},
	number={4},
	pages={043005},
	year={2011},
	publisher={IOP Publishing}
}
@article{hu2016defect,
	title={Defect evolution in single crystalline tungsten following low temperature and low dose neutron irradiation},
	author={Hu, Xunxiang and Koyanagi, Takaaki and Fukuda, Makoto and Katoh, Yutai and Snead, Lance L and Wirth, Brian D},
	journal={Journal of Nuclear Materials},
	volume={470},
	pages={278--289},
	year={2016},
	publisher={Elsevier}
}
@article{hu2016irradiation,
	title={Irradiation hardening of pure tungsten exposed to neutron irradiation},
	author={Hu, Xunxiang and Koyanagi, Takaaki and Fukuda, Makoto and Kumar, NAP Kiran and Snead, Lance L and Wirth, Brian D and Katoh, Yutai},
	journal={Journal of Nuclear Materials},
	volume={480},
	pages={235--243},
	year={2016},
	publisher={Elsevier}
}
@article{yi2016situ,
	title={In-situ TEM studies of 150 keV W+ ion irradiated W and W-alloys: Damage production and microstructural evolution},
	author={Yi, Xiaoou and Jenkins, Michael L and Kirk, Marquis A and Zhou, Zhongfu and Roberts, Steven G},
	journal={Acta Materialia},
	volume={112},
	pages={105--120},
	year={2016},
	publisher={Elsevier}
}
@article{sand2013high,
	title={High-energy collision cascades in tungsten: Dislocation loops structure and clustering scaling laws},
	author={Sand, AE and Dudarev, SL and Nordlund, K},
	journal={EPL (Europhysics Letters)},
	volume={103},
	number={4},
	pages={46003},
	year={2013},
	publisher={IOP Publishing}
}
@article{maloy2005effect,
	title={The effect of 800MeV proton irradiation on the mechanical properties of tungsten at room temperature and at 475Â° C},
	author={Maloy, SA and James, MR and Sommer, W and Willcutt, GJ and Lopez, M and Romero, TJ and Toloczko, Mychailo B},
	journal={Journal of Nuclear Materials},
	volume={343},
	number={1},
	pages={219--226},
	year={2005},
	publisher={Elsevier}
}
@article{gibson2015high,
	title={High temperature indentation of helium-implanted tungsten},
	author={Gibson, James SK-L and Roberts, Steve G and Armstrong, David EJ},
	journal={Materials Science and Engineering: A},
	volume={625},
	pages={380--384},
	year={2015},
	publisher={Elsevier}
}
@article{hasegawa2011property,
	title={Property change mechanism in tungsten under neutron irradiation in various reactors},
	author={Hasegawa, Akira and Tanno, Takashi and Nogami, Shuhei and Satou, Manabu},
	journal={Journal of Nuclear Materials},
	volume={417},
	number={1},
	pages={491--494},
	year={2011},
	publisher={Elsevier}
}
@article{hasegawa2016neutron,
	title={Neutron irradiation effects on the microstructural development of tungsten and tungsten alloys},
	author={Hasegawa, Akira and Fukuda, Makoto and Yabuuchi, Kiyohiro and Nogami, Shuhei},
	journal={Journal of Nuclear Materials},
	volume={471},
	pages={175--183},
	year={2016},
	publisher={Elsevier}
}
@article{xu2015ion,
	title={Ion-irradiation-induced clustering in W--Re and W--Re--Os alloys: A comparative study using atom probe tomography and nanoindentation measurements},
	author={Xu, Alan and Beck, Christian and Armstrong, David EJ and Rajan, Krishna and Smith, George DW and Bagot, Paul AJ and Roberts, Steve G},
	journal={Acta Materialia},
	volume={87},
	pages={121--127},
	year={2015},
	publisher={Elsevier}
}
@article{klimenkov2016effect,
	title={Effect of neutron irradiation on the microstructure of tungsten},
	author={Klimenkov, M and J{\"a}ntsch, U and Rieth, M and Schneider, HC and Armstrong, DEJ and Gibson, J and Roberts, SG},
	journal={Nuclear Materials and Energy},
	year={2016},
	publisher={Elsevier}
}
@article{xu2017ion,
	title={Ion-irradiation induced clustering in W-Re-Ta, W-Re and W-Ta alloys: An atom probe tomography and nanoindentation study},
	author={Xu, Alan and Armstrong, David EJ and Beck, Christian and Moody, Michael P and Smith, George DW and Bagot, Paul AJ and Roberts, Steve G},
	journal={Acta Materialia},
	volume={124},
	pages={71--78},
	year={2017},
	publisher={Elsevier}
}
@article{armstrong2013hardening,
	title={Hardening of self ion implanted tungsten and tungsten 5-wt\% rhenium},
	author={Armstrong, DEJ and Yi, X and Marquis, EA and Roberts, SG},
	journal={Journal of Nuclear Materials},
	volume={432},
	number={1},
	pages={428--436},
	year={2013},
	publisher={Elsevier}
}
