@article{lpcs,
	title={Modeling low pressure collisional plasma sheath with space-charge effect},
	author={Roy, Subrata and Pandey, BP and Poggie, Jonathan and Gaitonde, Datta V},
	journal={Physics of Plasmas (1994-present)},
	volume={10},
	number={6},
	pages={2578--2585},
	year={2003},
	publisher={AIP Publishing}
}
@article{sheath,
	title={Analysis of the tokamak sheath region with in-sheath ionization and transport of surface emitted particles},
	author={Hua, TQ and Brooks, JN},
	journal={Physics of Plasmas (1994-present)},
	volume={1},
	number={11},
	pages={3607--3613},
	year={1994},
	publisher={AIP Publishing}
}
@article{bohm,
	title={The Bohm criterion and sheath formation},
	author={Riemann, K-U},
	journal={Journal of Physics D: Applied Physics},
	volume={24},
	number={4},
	pages={493},
	year={1991},
	publisher={IOP Publishing}
}
@online{foodie,
	author = {{F/OSS Programmers}},
	title = {{Fortran Object-Oriented Differential-equations Integration Environment, FOODIE}},
	year = 2016,
	url = {https://github.com/Fortran-FOSS-Programmers/FOODIE},
	urldate = {2016-11-24}
}
@article{md,
	title={Sheath parameters for non-Debye plasmas: Simulations and arc damage},
	author={Morozov, IV and Norman, GE and Insepov, Zeke and Norem, Jim},
	journal={Physical Review Special Topics-Accelerators and Beams},
	volume={15},
	number={5},
	pages={053501},
	year={2012},
	publisher={APS}
}
@article{theory,
	title={Theory of the plasma sheath in a magnetic field parallel to the wall},
	author={Tskhakaya, DD and Shukla, PK and Eliasson, B and Kuhn, S},
	journal={Physics of Plasmas (1994-present)},
	volume={12},
	number={10},
	pages={103503},
	year={2005},
	publisher={AIP Publishing}
}

