@FOOTNOTE{Note1,key="Note1",note="Outside of certain regimes where numerical blow-up occurs such as $L=0$, or when \protect \cref  {e:rl} is not comfortably met."}
@CONTROL{REVTEX41Control}
@CONTROL{aip41Control,pages="0",title=""}
